<?xml version="1.0" encoding="UTF-8"?><collection xmlns="http://www.loc.gov/MARC21/slim"><record><leader>00690nam--2200217-u-4500</leader><controlfield tag="001">000051216</controlfield><controlfield tag="002">20161230</controlfield><controlfield tag="005">20170119135246</controlfield><controlfield tag="008">080602s1000------------r-----000-0-eng-d</controlfield><datafield ind1=" " ind2=" " tag="020"><subfield code="a">0-387-97848-8</subfield></datafield><datafield ind1=" " ind2=" " tag="040"><subfield code="a">IFIN-HH</subfield></datafield><datafield ind1=" " ind2=" " tag="080"><subfield code="a">514.774.2</subfield></datafield><datafield ind1="1" ind2=" " tag="100"><subfield code="a">Naber, Gregory L</subfield></datafield><datafield ind1="1" ind2="4" tag="245"><subfield code="a">The Geometry of Minkowski Spacetime</subfield><subfield code="b">An Introduction to the Mathematics of the Special Theory of Relativity</subfield><subfield code="c">Gregory L. Naber</subfield></datafield><datafield ind1=" " ind2=" " tag="260"><subfield code="a">New York</subfield><subfield code="b">Springer - Verlag</subfield><subfield code="c">1992</subfield></datafield><datafield ind1=" " ind2=" " tag="300"><subfield code="a">257 p</subfield></datafield><datafield ind1=" " ind2=" " tag="490"><subfield code="a">Applied Mathematical Sciences</subfield><subfield code="v">vol. 92</subfield></datafield><datafield ind1=" " ind2="4" tag="650"><subfield code="a">Special relativity (Physics)- Mathematics</subfield></datafield><datafield ind1="2" ind2=" " tag="650"><subfield code="a">Spaces, Generalized</subfield></datafield><datafield ind1=" " ind2=" " tag="852"><subfield code="a">80591</subfield><subfield code="c">513</subfield></datafield><datafield ind1=" " ind2=" " tag="CAT"><subfield code="a">SYS</subfield><subfield code="c">20170119</subfield><subfield code="h">135246</subfield></datafield></record></collection>